@misc{srfi-10, author = {Oleg Kiselyov}, title = {\#, external form}, year =
                  1999, url = {http://srfi.schemers.org/srfi-10/srfi-10.html}}
@misc{ant, author = {Apache Foundation}, title = {Tutorial: Hello World with Apache
                  Ant}, url = {https://ant.apache.org/manual/index.html}, note =
                  {See “Four steps to a running application”}}
@misc{Emacs-Lexical, key = {Emacs Manual}, title = {GNU Emacs NEWS -- history of
                  user-visible changes.}, url =
                  {https://www.gnu.org/software/emacs/news/NEWS.24.1}, note =
                  {See “* Lisp changes in Emacs 24.1”}}

@misc{emacs-pretest, author = {Nicolas Petton}, url =
                  {http://permalink.gmane.org/gmane.emacs.announce/59}, note =
                  {Mailing list announcement}, title = {[emacs-announce] Emacs
                  pretest 25.0.92}}
@book{on-lisp, author = {Paul Graham}, title = {On Lisp}, publisher = {Prentice
                  Hall}, year = {1993}, isbn = {0130305529}, note = {Available
                  for free at http://www.paulgraham.com/onlisp.html}}
@misc{no-multi-intern, key = {Emacs Lisp Reference Manual}, title = {Emacs Lisp
                  Reference Manual---Creating and Interning Symbols}, url =
                  {https://www.gnu.org/software/emacs/manual/html_node/elisp/Creating-Symbols.html#Creating-Symbols}}